%YAML 1.1
%TAG !u! tag:unity3d.com,2011:
--- !u!1001 &100100000
Prefab:
  m_ObjectHideFlags: 1
  serializedVersion: 2
  m_Modification:
    m_TransformParent: {fileID: 0}
    m_Modifications: []
    m_RemovedComponents: []
  m_SourcePrefab: {fileID: 0}
  m_RootGameObject: {fileID: 1781722643314498}
  m_IsPrefabAsset: 1
--- !u!1 &1781722643314498
GameObject:
  m_ObjectHideFlags: 0
  m_CorrespondingSourceObject: {fileID: 0}
  m_PrefabInternal: {fileID: 100100000}
  serializedVersion: 6
  m_Component:
  - component: {fileID: 4659942347167466}
  - component: {fileID: 114999995136440002}
  - component: {fileID: 114432566168462154}
  - component: {fileID: 82753894088229336}
  m_Layer: 0
  m_Name: GameManager
  m_TagString: Untagged
  m_Icon: {fileID: 0}
  m_NavMeshLayer: 0
  m_StaticEditorFlags: 0
  m_IsActive: 1
--- !u!4 &4659942347167466
Transform:
  m_ObjectHideFlags: 1
  m_CorrespondingSourceObject: {fileID: 0}
  m_PrefabInternal: {fileID: 100100000}
  m_GameObject: {fileID: 1781722643314498}
  m_LocalRotation: {x: 0, y: 0, z: 0, w: 1}
  m_LocalPosition: {x: 537.5, y: 282.5, z: 0}
  m_LocalScale: {x: 1, y: 1, z: 1}
  m_Children: []
  m_Father: {fileID: 0}
  m_RootOrder: 0
  m_LocalEulerAnglesHint: {x: 0, y: 0, z: 0}
--- !u!82 &82753894088229336
AudioSource:
  m_ObjectHideFlags: 1
  m_CorrespondingSourceObject: {fileID: 0}
  m_PrefabInternal: {fileID: 100100000}
  m_GameObject: {fileID: 1781722643314498}
  m_Enabled: 1
  serializedVersion: 4
  OutputAudioMixerGroup: {fileID: 0}
  m_audioClip: {fileID: 0}
  m_PlayOnAwake: 1
  m_Volume: 1
  m_Pitch: 1
  Loop: 0
  Mute: 0
  Spatialize: 0
  SpatializePostEffects: 0
  Priority: 128
  DopplerLevel: 1
  MinDistance: 1
  MaxDistance: 500
  Pan2D: 0
  rolloffMode: 0
  BypassEffects: 0
  BypassListenerEffects: 0
  BypassReverbZones: 0
  rolloffCustomCurve:
    serializedVersion: 2
    m_Curve:
    - serializedVersion: 3
      time: 0
      value: 1
      inSlope: 0
      outSlope: 0
      tangentMode: 0
      weightedMode: 0
      inWeight: 0.33333334
      outWeight: 0.33333334
    - serializedVersion: 3
      time: 1
      value: 0
      inSlope: 0
      outSlope: 0
      tangentMode: 0
      weightedMode: 0
      inWeight: 0.33333334
      outWeight: 0.33333334
    m_PreInfinity: 2
    m_PostInfinity: 2
    m_RotationOrder: 4
  panLevelCustomCurve:
    serializedVersion: 2
    m_Curve:
    - serializedVersion: 3
      time: 0
      value: 0
      inSlope: 0
      outSlope: 0
      tangentMode: 0
      weightedMode: 0
      inWeight: 0.33333334
      outWeight: 0.33333334
    m_PreInfinity: 2
    m_PostInfinity: 2
    m_RotationOrder: 0
  spreadCustomCurve:
    serializedVersion: 2
    m_Curve:
    - serializedVersion: 3
      time: 0
      value: 0
      inSlope: 0
      outSlope: 0
      tangentMode: 0
      weightedMode: 0
      inWeight: 0.33333334
      outWeight: 0.33333334
    m_PreInfinity: 2
    m_PostInfinity: 2
    m_RotationOrder: 0
  reverbZoneMixCustomCurve:
    serializedVersion: 2
    m_Curve:
    - serializedVersion: 3
      time: 0
      value: 1
      inSlope: 0
      outSlope: 0
      tangentMode: 0
      weightedMode: 0
      inWeight: 0.33333334
      outWeight: 0.33333334
    m_PreInfinity: 2
    m_PostInfinity: 2
    m_RotationOrder: 0
--- !u!114 &114432566168462154
MonoBehaviour:
  m_ObjectHideFlags: 1
  m_CorrespondingSourceObject: {fileID: 0}
  m_PrefabInternal: {fileID: 100100000}
  m_GameObject: {fileID: 1781722643314498}
  m_Enabled: 1
  m_EditorHideFlags: 0
  m_Script: {fileID: 11500000, guid: 39d9888deee4b44a5acc174c7520d7b5, type: 3}
  m_Name: 
  m_EditorClassIdentifier: 
--- !u!114 &114999995136440002
MonoBehaviour:
  m_ObjectHideFlags: 1
  m_CorrespondingSourceObject: {fileID: 0}
  m_PrefabInternal: {fileID: 100100000}
  m_GameObject: {fileID: 1781722643314498}
  m_Enabled: 1
  m_EditorHideFlags: 0
  m_Script: {fileID: 11500000, guid: ac9387f542c3440cf8d7b356dea5a934, type: 3}
  m_Name: 
  m_EditorClassIdentifier: 
  pictureImageUI: {fileID: 0}
  pictureImage2UI: {fileID: 0}
  picture1ImageBox: {fileID: 0}
  picture2ImageBox: {fileID: 0}
  preScreenImageUI: {fileID: 0}
  artistNameTextUI: {fileID: 0}
  artWorkNameTextUI: {fileID: 0}
  artWorkDateTextUI: {fileID: 0}
  preScreenTextUI: {fileID: 0}
  scoreTextUI: {fileID: 0}
  bigWrongText: {fileID: 0}
  tryAgainText: {fileID: 0}
  bigOutOfTimeText: {fileID: 0}
  rightText: {fileID: 0}
  bonusText: {fileID: 0}
  bonusTextText: {fileID: 0}
  bonusTextBackPanel: {fileID: 0}
  timeTakenText: {fileID: 0}
  timeTakenTextText: {fileID: 0}
  timeTakenBackPanel: {fileID: 0}
  movesText: {fileID: 0}
  movesTextText: {fileID: 0}
  movesTextBackPanel: {fileID: 0}
  bestPossibleText: {fileID: 0}
  bestPossibleTextText: {fileID: 0}
  bestPossibleBackPanel: {fileID: 0}
  loadingText: {fileID: 0}
  timerBar: {fileID: 0}
  gameplayPanel: {fileID: 0}
  gameOverPanel: {fileID: 0}
  preScreenPanel: {fileID: 0}
  levelCompletePanel: {fileID: 0}
  numCorrectAnswersTextUI: {fileID: 0}
  wellDoneText: {fileID: 0}
  TTU_ScoreTotallingPanel: {fileID: 0}
  TTU_TextComplete: {fileID: 0}
  TTU_TimeTaken: {fileID: 0}
  TTU_TimeTakenText: {fileID: 0}
  TTU_NumberOfMoves: {fileID: 0}
  TTU_NumberOfMovesText: {fileID: 0}
  TTU_BestPossible: {fileID: 0}
  TTU_BestPossibleText: {fileID: 0}
  TTU_Bonus: {fileID: 0}
  TTU_BonusText: {fileID: 0}
  TTU_Accolade: {fileID: 0}
  obscuringColumnPrefab: {fileID: 178278, guid: 6b9f67cbfa4b44bb08be9c1e53821e28,
    type: 2}
  obscuringSquarePrefab: {fileID: 149358, guid: 8fee8ec38433f430588bffbc596be714,
    type: 2}
  carriedJigsawPiece: {fileID: 0}
  carriedJigsawShadow: {fileID: 0}
  swappedJigsawPiece: {fileID: 0}
  swappedJigsawShadow: {fileID: 0}
  allCarriedJigsawPieces: {fileID: 0}
  allSwappedJigsawPieces: {fileID: 0}
  carriedJigsawPiecePrefab: {fileID: 173860, guid: dc0fd121a38324c97ba72be0cbcfc8f5,
    type: 2}
  glintLayer: {fileID: 0}
  whiteLayer: {fileID: 0}
  minimumMoves: {fileID: 0}
  moveCount: {fileID: 0}
  encouragementManager: {fileID: 0}
  fireworksManager: {fileID: 0}
  hiddenPieceTexture: {fileID: 2800000, guid: 711a47b4cb132481780e5d606cd1f4ef, type: 3}
  bombTexture: {fileID: 2800000, guid: 33ff73e0af5d247baaef7fa560051dad, type: 3}
  puffOfSmokePrefab: {fileID: 120634, guid: 9865ecedbbb484200ace618ee0aee3f9, type: 2}
  tileMovementTime: 0.25
  pauseMenu: {fileID: 0}
